<?xml version="1.0" encoding="UTF-8"?>
<record xmlns="http://www.loc.gov/MARC21/slim" xmlns:xsi="http://www.w3.org/2001/XMLSchema-instance" xsi:schemaLocation="http://www.loc.gov/MARC21/slim http://www.loc.gov/standards/marcxml/schema/MARC21slim.xsd">
<leader>00000cam a22      a 4500</leader>
<controlfield tag="001">002177818</controlfield>
<controlfield tag="003">NNU</controlfield>
<controlfield tag="005">20150622163007.0</controlfield>
<controlfield tag="008">930617s1935    ti            000 0 ara d</controlfield>
<datafield tag="035" ind1=" " ind2=" ">
<subfield code="a">(OCoLC)122755865</subfield>
</datafield>
<datafield tag="040" ind1=" " ind2=" ">
<subfield code="a">NNU</subfield>
<subfield code="b">eng</subfield>
<subfield code="c">ZYU</subfield>
<subfield code="d">OCLCQ</subfield>
<subfield code="d">OCLCO</subfield>
<subfield code="d">OCLCQ</subfield>
<subfield code="d">OCLCO</subfield>
<subfield code="d">NNU</subfield>
</datafield>
<datafield tag="100" ind1="1" ind2=" ">
<subfield code="6">880-01</subfield>
<subfield code="a">Mārghinī, Ibrāhīm ibn Aḥmad,</subfield>
<subfield code="d">1930 or 1931.</subfield>
</datafield>
<datafield tag="240" ind1="1" ind2="0">
<subfield code="6">880-02</subfield>
<subfield code="a">Nujūm al-ṭiwālʻ</subfield>
</datafield>
<datafield tag="245" ind1="1" ind2="3">
<subfield code="6">880-03</subfield>
<subfield code="a">al-Nujūm al-ṭawāliʻ ʻalá al-Durar al-lawāmiʻ fī aṣl maqraʼ al-imām Nāfiʻ /</subfield>
<subfield code="c">sharḥ ... Ibrāhīm al-Mārghinī ... Abī al-Ḥasan ʻAlī al-Ribāṭī al-maʻrūf bi-Ibn Barrī. Wa-bi-hāmishihi Risālah rāʼiqah laṭīfah fī aḥad mabāḥith al-basmalah al-sharīfah tusammá al-Qawl al-ajlá fī kawn al-basmalah min al-Qurʼān awwalan li-muʼallif al-sharḥ al-madhkūr ...</subfield>
</datafield>
<datafield tag="260" ind1=" " ind2=" ">
<subfield code="6">880-04</subfield>
<subfield code="a">Tūnis :</subfield>
<subfield code="b">Maṭbaʻah al-Tūnisīyah,</subfield>
<subfield code="c">1935.</subfield>
</datafield>
<datafield tag="300" ind1=" " ind2=" ">
<subfield code="a">230 pages ;</subfield>
<subfield code="c">25 cm</subfield>
</datafield>
<datafield tag="336" ind1=" " ind2=" ">
<subfield code="a">text</subfield>
<subfield code="b">txt</subfield>
<subfield code="2">rdacontent</subfield>
</datafield>
<datafield tag="337" ind1=" " ind2=" ">
<subfield code="a">unmediated</subfield>
<subfield code="b">n</subfield>
<subfield code="2">rdamedia</subfield>
</datafield>
<datafield tag="338" ind1=" " ind2=" ">
<subfield code="a">volume</subfield>
<subfield code="b">nc</subfield>
<subfield code="2">rdacarrier</subfield>
</datafield>
<datafield tag="600" ind1="1" ind2="0">
<subfield code="6">880-05</subfield>
<subfield code="a">Ibn Barrī, ʻAlī ibn Muḥammad,</subfield>
<subfield code="d">approximately 1261-approximately 1330.</subfield>
<subfield code="t">Durar al-lawāmiʻ fī aṣl maqraʼ al-imām Nāfiʻ.</subfield>
</datafield>
<datafield tag="650" ind1=" " ind2="0">
<subfield code="a">Basmalah.</subfield>
</datafield>
<datafield tag="700" ind1="1" ind2="2">
<subfield code="6">880-06</subfield>
<subfield code="a">Mārghanī al-Tūnisī, Ibrāhīm ibn Aḥmad,</subfield>
<subfield code="t">Qawl al-ajlá fī kawn al-basmalah min al-Qurʼān al-aʻlá.</subfield>
</datafield>
<datafield tag="880" ind1="0" ind2=" ">
<subfield code="6">100-01/</subfield>
<subfield code="a">ابراهيم المارغني،</subfield>
<subfield code="d">1930 or 1931.</subfield>
</datafield>
<datafield tag="880" ind1="1" ind2="0">
<subfield code="6">240-02/</subfield>
<subfield code="a">نجوم الطوالع</subfield>
</datafield>
<datafield tag="880" ind1="1" ind2="2">
<subfield code="6">245-03/</subfield>
<subfield code="a">النجوم الطوالع على الدرر اللوامع في اصل مقرا الامام نافع /</subfield>
<subfield code="c">شرح ... ابراهيم المارغني ... ابي الحسن علي الرباطي المعروف بابن بري. وبهامشه رسالة رائقة لطيفة في احد مباحث البسملة الشريفة تسمى القول الاجلى في كون البسملة من القرآن اولا لموءلف الشرح المذكور ... ا.</subfield>
</datafield>
<datafield tag="880" ind1=" " ind2=" ">
<subfield code="6">260-04/</subfield>
<subfield code="a">تونس :</subfield>
<subfield code="b">مطبعة التونسية، ١٩٣٥.</subfield>
</datafield>
<datafield tag="880" ind1="1" ind2="4">
<subfield code="6">600-05/</subfield>
<subfield code="a">ابن بري، علي بن محمد،</subfield>
<subfield code="d">approximately 1261-approximately 1330.</subfield>
<subfield code="t">درر اللوامع في اصل مقرأ الامام نافع.</subfield>
</datafield>
<datafield tag="880" ind1="1" ind2="2">
<subfield code="6">700-06/</subfield>
<subfield code="a">مارغني التونسي، إبراهيم بن أحمد،</subfield>
<subfield code="t">قول الاجلى في كون البسملة من القرآن الاعلى.</subfield>
</datafield>
<datafield tag="OWN" ind1=" " ind2=" ">
<subfield code="a">GENERAL</subfield>
</datafield>
<datafield tag="AVA" ind1=" " ind2=" ">
<subfield code="a">NYU50</subfield>
<subfield code="b">BOBST</subfield>
<subfield code="c">Main Collection</subfield>
<subfield code="d">BP183.7.B3 I2435 1935</subfield>
<subfield code="e">unavailable</subfield>
<subfield code="t">Unavailable</subfield>
<subfield code="f">1</subfield>
<subfield code="g">1</subfield>
<subfield code="h">N</subfield>
<subfield code="i">0</subfield>
<subfield code="j">MAIN</subfield>
<subfield code="k">0</subfield>
</datafield>
</record>
